<record><leader>00000cas a22000007a 4500</leader><controlfield tag="001">19644229</controlfield><controlfield tag="008">890502d19131919nduwr ne      0    0eng d</controlfield><datafield ind1=" " ind2=" " tag="010"><subfield code="a">sn 88076136 </subfield></datafield><datafield ind1=" " ind2=" " tag="040"><subfield code="a">NOP</subfield><subfield code="b">eng</subfield><subfield code="c">NOP</subfield><subfield code="d">OCLCQ</subfield></datafield><datafield ind1="0" ind2=" " tag="041"><subfield code="a">engger</subfield></datafield><datafield ind1=" " ind2=" " tag="042"><subfield code="a">msc</subfield></datafield><datafield ind1="0" ind2="0" tag="245"><subfield code="a">Fryburg pioneer.</subfield></datafield><datafield ind1=" " ind2=" " tag="260"><subfield code="a">Fryburg, Billings County, N.D. :</subfield><subfield code="b">Thurston &amp; Tharalson</subfield></datafield><datafield ind1=" " ind2=" " tag="300"><subfield code="a">6 v. :</subfield><subfield code="b">ill.</subfield></datafield><datafield ind1=" " ind2=" " tag="310"><subfield code="a">Weekly</subfield></datafield><datafield ind1="0" ind2=" " tag="362"><subfield code="a">Vol. 1, no. 1 (Oct. 9, 1913)-v. 6, no. 44 (Aug. 8, 1919).</subfield></datafield><datafield ind1=" " ind2=" " tag="500"><subfield code="a">"Official Billings County paper," 1916-1919.</subfield></datafield><datafield ind1=" " ind2=" " tag="530"><subfield code="a">Available on microfilm from the State Historical Society of North Dakota.</subfield></datafield><datafield ind1=" " ind2=" " tag="546"><subfield code="a">Some columns in German.</subfield></datafield><datafield ind1=" " ind2=" " tag="752"><subfield code="a">United States</subfield><subfield code="b">North Dakota</subfield><subfield code="c">Billings</subfield><subfield code="d">Fryburg.</subfield></datafield><datafield ind1="0" ind2="7" tag="785"><subfield code="t">Billings County herald</subfield><subfield code="w">(DLC)sn 88076137</subfield></datafield><datafield ind1="0" ind2="7" tag="785"><subfield code="t">Billings County pioneer</subfield><subfield code="w">(DLC)sn 88076059</subfield></datafield></record>